<record><leader>00000cas a2200000 a 4500</leader><controlfield tag="001">33599166</controlfield><controlfield tag="008">951120c19649999fluwr ne      0    0eng c</controlfield><datafield ind1=" " ind2=" " tag="010"><subfield code="a">sn 96027683 </subfield></datafield><datafield ind1=" " ind2=" " tag="040"><subfield code="a">FNJ</subfield><subfield code="b">eng</subfield><subfield code="c">FNJ</subfield><subfield code="d">FUG</subfield><subfield code="d">OCLCQ</subfield><subfield code="d">OCLCF</subfield><subfield code="d">OCLCO</subfield></datafield><datafield ind1="1" ind2=" " tag="029"><subfield code="a">AU@</subfield><subfield code="b">000025921304</subfield></datafield><datafield ind1=" " ind2=" " tag="032"><subfield code="a">324800</subfield><subfield code="b">USPS</subfield></datafield><datafield ind1=" " ind2=" " tag="037"><subfield code="b">PO Drawer 772, Madison, FL 32341-0772</subfield></datafield><datafield ind1=" " ind2=" " tag="042"><subfield code="a">pcc</subfield></datafield><datafield ind1=" " ind2=" " tag="043"><subfield code="a">n-us-fl</subfield></datafield><datafield ind1="0" ind2="0" tag="245"><subfield code="a">Madison County carrier.</subfield></datafield><datafield ind1="3" ind2="0" tag="246"><subfield code="a">Carrier</subfield></datafield><datafield ind1=" " ind2=" " tag="260"><subfield code="a">Madison, Fla. :</subfield><subfield code="b">Tommy Greene</subfield></datafield><datafield ind1=" " ind2=" " tag="300"><subfield code="a">v. :</subfield><subfield code="b">ill. ;</subfield><subfield code="c">58 cm.</subfield></datafield><datafield ind1=" " ind2=" " tag="310"><subfield code="a">Weekly</subfield></datafield><datafield ind1="1" ind2=" " tag="362"><subfield code="a">Began Aug. 5, 1964.</subfield></datafield><datafield ind1=" " ind2=" " tag="500"><subfield code="a">Co-publisher: Mary Ellen Greene.</subfield></datafield><datafield ind1=" " ind2=" " tag="588"><subfield code="a">Description based on: Vol. 32, no. 15 (Nov. 22, 1995).</subfield></datafield><datafield ind1=" " ind2=" " tag="588"><subfield code="a">Latest issue consulted: Vol. 33, no. 23 (Jan. 15, 1997).</subfield></datafield><datafield ind1=" " ind2="0" tag="651"><subfield code="a">Madison (Fla.)</subfield><subfield code="v">Newspapers.</subfield></datafield><datafield ind1=" " ind2="0" tag="651"><subfield code="a">Madison County (Fla.)</subfield><subfield code="v">Newspapers.</subfield></datafield><datafield ind1=" " ind2="7" tag="655"><subfield code="a">Newspapers.</subfield><subfield code="2">fast</subfield><subfield code="0">(OCoLC)fst01423814</subfield></datafield><datafield ind1=" " ind2="7" tag="651"><subfield code="a">Florida</subfield><subfield code="z">Madison.</subfield><subfield code="2">fast</subfield><subfield code="0">(OCoLC)fst01215377</subfield></datafield><datafield ind1=" " ind2="7" tag="651"><subfield code="a">Florida</subfield><subfield code="z">Madison County.</subfield><subfield code="2">fast</subfield><subfield code="0">(OCoLC)fst01215098</subfield></datafield><datafield ind1=" " ind2=" " tag="752"><subfield code="a">United States</subfield><subfield code="b">Florida</subfield><subfield code="c">Madison</subfield><subfield code="d">Madison.</subfield></datafield></record>